@InProceedings{ Co,
author="Cooper, Joseph L.
and Ballard, Dana",
editor="Kallmann, Marcelo
and Bekris, Kostas",
title="Realtime, Physics-Based Marker Following",
booktitle="Motion in Games",
year="2012",
publisher="Springer Berlin Heidelberg",
address="Berlin, Heidelberg",
pages="350--361",
abstract="Finding torques that control a physical model to follow motion capture marker data can be complicated. We present a simple method for first constraining a physical model to follow marker data using forward simulation with intuitive parametrization. Essentially, the markers attach to the model through joint constraints and drag the body into position. We then use forward simulation to compute joint torques that produce the same movement. This is accomplished by adding constraints on the relative angular velocities of the body parts to the physical model. Framing the movement in terms of constraints on the model allows us to use the Open Dynamics physics engine (ODE) to find torques that simultaneously account for joint limits, body momentum, and ground/contact constraints. Although balanced movement still requires some external stabilizing torques, these torques are generally quite small and can potentially be addressed by minor changes in foot placement.",
isbn="978-3-642-34710-8"
}

@inbook{Sm,
author = {Smits, Ruben and De Laet, Tinne and Claes, Kasper and Bruyninckx, Herman and De Schutter, Joris},
year = {2009},
month = {03},
pages = {235-254},
title = {iTASC: A Tool for Multi-Sensor Integration in Robot Manipulation},
volume = {35},
journal = {Lecture Notes in Electrical Engineering},
doi = {10.1007/978-3-540-89859-7_17}
}

@INPROCEEDINGS{Ku, 
author={R. {Kulpa} and F. {Multon}}, 
booktitle={5th IEEE-RAS International Conference on Humanoid Robots, 2005.}, 
title={Fast inverse kinematics and kinetics solver for human-like figures}, 
year={2005}, 
volume={}, 
number={}, 
pages={38-43}, 
keywords={hierarchical systems;humanoid robots;iterative methods;path planning;position control;robot kinematics;stability;inverse kinematics;human-like figures;kinetics solver;humanoids motion planning;iterative hierarchical process;stability;character positioning;Kinetic theory;Animation;Interference constraints;Humans;Motion planning;Skeleton;Vehicle dynamics;Computational modeling;Robot kinematics;Computational efficiency}, 
doi={10.1109/ICHR.2005.1573542}, 
ISSN={2164-0572}, 
month={Dec},}

@mastersthesis{Pi,
  author       = {Pickl, Kristina}, 
  title        = {Rigid Body Dynamics: Links and Joints},
  school       = {University of Erlangen-Nuremberg},
  year         = 2009,
  month        = {03-09},
}

@article{Ar,
  title={{FABRIK}: A fast, iterative solver for the Inverse Kinematics problem},
  author={Andreas Aristidou and Joan Lasenby},
  journal={Graphical Models},
  year={2011},
  volume={73},
  pages={243-260}
}

@ARTICLE{Wa, 
author={L. -. T. {Wang} and C. C. {Chen}}, 
journal={IEEE Transactions on Robotics and Automation}, 
title={A combined optimization method for solving the inverse kinematics problems of mechanical manipulators}, 
year={1991}, 
volume={7}, 
number={4}, 
pages={489-499}, 
keywords={kinematics;nonlinear programming;robots;combined optimization method;inverse kinematics problems;mechanical manipulators;nonlinear programming;forward recursion;serial manipulators;Optimization methods;Manipulators;Robot kinematics;Service robots;Nonlinear equations;Robot sensing systems;Orbital robotics;Differential equations;Jacobian matrices;Charge coupled devices}, 
doi={10.1109/70.86079}, 
ISSN={1042-296X}, 
month={Aug}
}

@INPROCEEDINGS{Zo,
author={V.B. {Zordan} and N.C {van der Horst}},
title={Mapping optical motion capture data to skeletal motion using a physical model},
booktitle={SCA 03': Proceedings of the 2003 ACM SIGGRAPH/Eurographics Symposium on Computer Animation},
year = {2003},
 isbn = {1-58113-659-5},
 issn = {1727-5288},
 location = {San Diego, California},
 source = {Eurographics ISBN 3-905673-04-5},
 note = {ACM Order No.: 428063},
 publisher = {Eurographics Association},
 address = {Aire-la-Ville, Switzerland},
 pages={245-250}
}

@misc{Sm.R,
title={Open Dynamics Engine},
year={2003},
howpublished={\url{http://www.q12.org/}}
}

@misc{Bl,
title={{Itasc(IKParam)}},
howpublished={Blender 2.77.0 - API documentation, \url{https://docs.blender.org/api/blender_python_api_2_77_0/bpy.types.Itasc.html}, 2019-04-02}
}

@misc{Pr,
title={{The Python Profilers}},
howpublished={Python 3.7.3 documentation, \url{https://docs.python.org/3.7/library/profile.html}, 2019-04-19}
}